<record><leader>00000cas a22000007a 4500</leader><controlfield tag="001">20402984</controlfield><controlfield tag="008">890927d19351937nduwr ne      0    0eng d</controlfield><datafield ind1=" " ind2=" " tag="010"><subfield code="a">sn 89074307 </subfield></datafield><datafield ind1=" " ind2=" " tag="040"><subfield code="a">NOP</subfield><subfield code="b">eng</subfield><subfield code="c">NOP</subfield><subfield code="d">OCLCQ</subfield></datafield><datafield ind1=" " ind2=" " tag="042"><subfield code="a">msc</subfield></datafield><datafield ind1="0" ind2="0" tag="245"><subfield code="a">Stutsman County pioneer.</subfield></datafield><datafield ind1=" " ind2=" " tag="260"><subfield code="a">Woodworth, Stutsman County, N.D. :</subfield><subfield code="b">Donald S. Uggen</subfield></datafield><datafield ind1=" " ind2=" " tag="300"><subfield code="a">v.</subfield></datafield><datafield ind1=" " ind2=" " tag="310"><subfield code="a">Weekly</subfield></datafield><datafield ind1="0" ind2=" " tag="362"><subfield code="a">Vol. 24, no. 1 (Mar. 7, 1935)-</subfield></datafield><datafield ind1="1" ind2=" " tag="362"><subfield code="a">Ceased June 17, 1937?</subfield></datafield><datafield ind1=" " ind2=" " tag="530"><subfield code="a">Available on microfilm from the State Historical Society of North Dakota.</subfield></datafield><datafield ind1=" " ind2=" " tag="752"><subfield code="a">United States</subfield><subfield code="b">North Dakota</subfield><subfield code="c">Stutsman</subfield><subfield code="d">Woodworth.</subfield></datafield><datafield ind1="0" ind2="0" tag="780"><subfield code="t">Woodworth rustler</subfield><subfield code="w">(DLC)sn 89074306</subfield></datafield></record>